@mastersthesis{ jankovic2010,
	author       = {Danijel Janković},
	title        = {Reljefne tehnike teksturiranja u prikazu terena},
	school       = {Fakultet elektrotehnike i računarstva Sveučilišta u Zagrebu},
	year         = 2010,
	month        = jun,
	pages        = 4,
	url          = {http://www.zemris.fer.hr/predmeti/ra/Magisterij/10_Jankovic/diplomski-Jankovic.pdf}
}

@misc{ wiki:srtm,
	author = "{Wikipedia contributors}",
	title = "{Shuttle Radar Topography Mission} --- {Wikipedia}{,} {The Free Encyclopedia}",
	year = "2020",
	howpublished = "\url{https://en.wikipedia.org/w/index.php?title=Shuttle_Radar_Topography_Mission&oldid=951021374}",
	note = "Pristupljeno: 2. lipnja 2020."
}

@misc{ wiki:aster,
	author = "{Wikipedia contributors}",
	title = "{Advanced Spaceborne Thermal Emission and Reflection Radiometer} --- {Wikipedia}{,} {The Free Encyclopedia}",
	year = "2020",
	howpublished = "\url{https://en.wikipedia.org/w/index.php?title=Advanced_Spaceborne_Thermal_Emission_and_Reflection_Radiometer&oldid=961620638}",
	note = "Pristupljeno: 9. lipnja 2020."
}

@misc{ wiki:overpassapi,
	author = "{OpenStreetMap Wiki}",
	title = "{Overpass API} --- {OpenStreetMap Wiki}",
	year = "2020",
	howpublished = "\url{https://wiki.openstreetmap.org/w/index.php?title=Overpass_API&oldid=1996368}",
	note = "Pristupljeno: 4. lipnja 2020."
}

@misc{ wiki:overpassql,
	author = "{OpenStreetMap Wiki}",
	title = "{Overpass API/Overpass QL} --- {OpenStreetMap Wiki}",
	year = "2020",
	howpublished = "\url{https://wiki.openstreetmap.org/w/index.php?title=Overpass_API/Overpass_QL&oldid=1997069}",
	note = "Pristupljeno: 4. lipnja 2020."
}

@misc{ wiki:overpassturbo,
	author = "{OpenStreetMap Wiki}",
	title = "{Overpass turbo} --- {OpenStreetMap Wiki}",
	year = "2020",
	howpublished = "\url{https://wiki.openstreetmap.org/w/index.php?title=Overpass_turbo&oldid=1958362}",
	note = "Pristupljeno: 4. lipnja 2020."
}

@inbook{ pandzic:virtualna,
	author = {Igor S. Pandžić and others},
	title = {Virtualna okruženja: Interaktivna 3D grafika i njene primjene},
	publisher = {Element},
	year = 2011,
	pages = 22
}

@misc{ wiki:zagrebneboderi,
	author = "{Wikipedia contributors}",
	title = "{Popis najviših nebodera u Hrvatskoj} --- {Wikipedija}{,} {Slobodna enciklopedija}", 
	year = "2020",
	howpublished = "\url{https://hr.wikipedia.org/w/index.php?title=Popis_najvi%C5%A1ih_nebodera_u_Hrvatskoj&oldid=5523381}",
	note = "Pristupljeno: 3. lipnja 2020."
}

@misc{ wiki:rtree,
	author = "{Wikipedia contributors}",
	title = "{R-tree} --- {Wikipedia}{,} {The Free Encyclopedia}",
	year = "2020",
	howpublished = "\url{https://en.wikipedia.org/w/index.php?title=R-tree&oldid=955552664}",
	note = "Pristupljeno: 5. lipnja 2020."
}
